<record><leader>00000cas a22000007a 4500</leader><controlfield tag="001">13996355</controlfield><controlfield tag="008">860801d19001933paudn ne      0    0eng d</controlfield><datafield ind1=" " ind2=" " tag="010"><subfield code="a">sn 86081714 </subfield></datafield><datafield ind1=" " ind2=" " tag="040"><subfield code="a">NPH</subfield><subfield code="b">eng</subfield><subfield code="c">NPH</subfield><subfield code="d">OCLCQ</subfield></datafield><datafield ind1="0" ind2=" " tag="130"><subfield code="a">Milton evening standard (Milton, Pa. : 1900)</subfield></datafield><datafield ind1="1" ind2="4" tag="245"><subfield code="a">The Milton evening standard.</subfield></datafield><datafield ind1="1" ind2="7" tag="246"><subfield code="a">Evening standard</subfield></datafield><datafield ind1=" " ind2=" " tag="260"><subfield code="a">Milton, Pa. :</subfield><subfield code="b">Milton Print. Co.,</subfield><subfield code="c">-1933.</subfield></datafield><datafield ind1=" " ind2=" " tag="300"><subfield code="a">v.</subfield></datafield><datafield ind1=" " ind2=" " tag="310"><subfield code="a">Daily (except Sunday)</subfield></datafield><datafield ind1="1" ind2=" " tag="362"><subfield code="a">Began with May 7, 1900 issue?</subfield></datafield><datafield ind1="0" ind2=" " tag="362"><subfield code="a">-43rd yr., no. 12,305 (Mar. 16, 1933).</subfield></datafield><datafield ind1=" " ind2=" " tag="588"><subfield code="a">Description based on: 11th yr., no. 1561 (May 8, 1900).</subfield></datafield><datafield ind1=" " ind2=" " tag="752"><subfield code="a">United States</subfield><subfield code="b">Pennsylvania</subfield><subfield code="c">Northumberland</subfield><subfield code="d">Milton.</subfield></datafield><datafield ind1="0" ind2="0" tag="780"><subfield code="t">Tri-weekly standard (Milton, Pa.)</subfield><subfield code="w">(DLC)sn 86081713</subfield></datafield><datafield ind1="0" ind2="7" tag="785"><subfield code="t">Miltonian (Milton, Pa. : 1858)</subfield><subfield code="w">(DLC)sn 86063524</subfield></datafield><datafield ind1="0" ind2="7" tag="785"><subfield code="t">Milton evening standard and Miltonian</subfield><subfield code="w">(DLC)sn 86081715</subfield></datafield></record>